@article{karakovskiy2012mario,
  title={The mario ai benchmark and competitions},
  author={Karakovskiy, Sergey and Togelius, Julian},
  journal={Computational Intelligence and AI in Games, IEEE Transactions on},
  volume={4},
  number={1},
  pages={55--67},
  year={2012},
  publisher={IEEE}
}